<record><leader>00000cas a2200000 a 4500</leader><controlfield tag="001">9419527</controlfield><controlfield tag="008">830416d18641878moudn ne      0    0eng c</controlfield><datafield ind1=" " ind2=" " tag="010"><subfield code="a">sn 83025376 </subfield></datafield><datafield ind1=" " ind2=" " tag="040"><subfield code="a">NPV</subfield><subfield code="b">eng</subfield><subfield code="c">NPV</subfield><subfield code="d">NPW</subfield><subfield code="d">DLC</subfield><subfield code="d">NPI</subfield><subfield code="d">UNP</subfield><subfield code="d">NPU</subfield><subfield code="d">NPX</subfield><subfield code="d">KNP</subfield><subfield code="d">NYG</subfield><subfield code="d">MQN</subfield><subfield code="d">KNP</subfield><subfield code="d">MGN</subfield><subfield code="d">MQN</subfield><subfield code="d">CNK</subfield><subfield code="d">MQN</subfield><subfield code="d">NVF</subfield><subfield code="d">OCL</subfield><subfield code="d">IUL</subfield><subfield code="d">DLC</subfield><subfield code="d">CRL</subfield><subfield code="d">TXA</subfield><subfield code="d">OCLCQ</subfield><subfield code="d">OCLCF</subfield><subfield code="d">DLC</subfield></datafield><datafield ind1=" " ind2=" " tag="042"><subfield code="a">pcc</subfield></datafield><datafield ind1=" " ind2=" " tag="043"><subfield code="a">n-us-mo</subfield></datafield><datafield ind1=" " ind2=" " tag="045"><subfield code="a">w6w7</subfield></datafield><datafield ind1="0" ind2="0" tag="050"><subfield code="a">Newspaper</subfield></datafield><datafield ind1=" " ind2=" " tag="052"><subfield code="a">4163</subfield><subfield code="b">S35</subfield></datafield><datafield ind1="0" ind2=" " tag="130"><subfield code="a">Saint Louis dispatch (Saint Louis, Mo. : 1864)</subfield></datafield><datafield ind1="1" ind2="4" tag="245"><subfield code="a">The Saint Louis dispatch.</subfield></datafield><datafield ind1="3" ind2="0" tag="246"><subfield code="a">St. Louis dispatch</subfield><subfield code="f">Mar. 26, 1870-</subfield></datafield><datafield ind1=" " ind2=" " tag="260"><subfield code="a">St. Louis [Mo.] :</subfield><subfield code="b">St. Louis Dispatch Print. and Pub. Co.,</subfield><subfield code="c">1864-1878.</subfield></datafield><datafield ind1=" " ind2=" " tag="300"><subfield code="a">v. :</subfield><subfield code="b">ill. ;</subfield><subfield code="c">57-71 cm.</subfield></datafield><datafield ind1=" " ind2=" " tag="310"><subfield code="a">Daily (except Sunday)</subfield></datafield><datafield ind1=" " ind2=" " tag="321"><subfield code="a">Daily,</subfield><subfield code="b">Nov. 21, 1864-&lt;Mar. 26, 1865&gt;</subfield></datafield><datafield ind1="0" ind2=" " tag="362"><subfield code="a">Vol. 1, no. 1 (Nov. 21, 1864)-v. 1, no. 272 (Oct. 14, 1865) ; v. 4, no. 273 (Oct. 16, 1865)-</subfield></datafield><datafield ind1="1" ind2=" " tag="362"><subfield code="a">Ceased in Dec. 1878.</subfield></datafield><datafield ind1=" " ind2=" " tag="530"><subfield code="a">Also issued on microfilm from the Library of Congress Photoduplication Service.</subfield></datafield><datafield ind1=" " ind2=" " tag="580"><subfield code="a">Merged with: St. Louis evening post (Saint Louis, Mo. : 1878); to form: St. Louis post and dispatch (Saint Louis, Mo. : 1878).</subfield></datafield><datafield ind1=" " ind2="0" tag="651"><subfield code="a">Saint Louis (Mo.)</subfield><subfield code="v">Newspapers.</subfield></datafield><datafield ind1=" " ind2="7" tag="651"><subfield code="a">Missouri</subfield><subfield code="z">Saint Louis.</subfield><subfield code="2">fast</subfield><subfield code="0">(OCoLC)fst01204930</subfield></datafield><datafield ind1=" " ind2="7" tag="655"><subfield code="a">Newspapers.</subfield><subfield code="2">fast</subfield><subfield code="0">(OCoLC)fst01423814</subfield></datafield><datafield ind1=" " ind2=" " tag="752"><subfield code="a">United States</subfield><subfield code="b">Missouri</subfield><subfield code="d">Saint Louis.</subfield></datafield><datafield ind1="0" ind2=" " tag="775"><subfield code="t">St. Louis weekly dispatch</subfield><subfield code="w">(DLC)sn 87052204</subfield><subfield code="w">(OCoLC)15206981</subfield></datafield><datafield ind1="0" ind2=" " tag="775"><subfield code="t">St. Louis dispatch (Saint Louis, Mo. : Weekly)</subfield><subfield code="w">(DLC)sn 87052205</subfield><subfield code="w">(OCoLC)15206996</subfield></datafield><datafield ind1="0" ind2=" " tag="775"><subfield code="t">Tri-weekly dispatch (Saint Louis, Mo.)</subfield><subfield code="w">(DLC)sn 87052503</subfield><subfield code="w">(OCoLC)15206958</subfield></datafield><datafield ind1="0" ind2=" " tag="775"><subfield code="t">Sunday dispatch (Saint Louis, Mo.)</subfield><subfield code="w">(DLC)sn 93060218</subfield><subfield code="w">(OCoLC)28315408</subfield></datafield><datafield ind1="0" ind2="8" tag="776"><subfield code="i">Online version:</subfield><subfield code="t">Saint Louis dispatch (Saint Louis, Mo. : 1864)</subfield><subfield code="w">(DLC)  2011263111</subfield><subfield code="w">(OCoLC)707554648</subfield></datafield><datafield ind1="0" ind2="5" tag="780"><subfield code="t">Saint Louis daily union</subfield><subfield code="w">(DLC)sn 83025381</subfield><subfield code="w">(OCoLC)9421363</subfield></datafield><datafield ind1="0" ind2="5" tag="780"><subfield code="t">St. Louis daily evening news (Saint Louis, Mo. : 1859)</subfield><subfield code="w">(DLC)sn 84020230</subfield><subfield code="w">(OCoLC)10493993</subfield></datafield><datafield ind1="1" ind2="7" tag="785"><subfield code="t">St. Louis evening post (Saint Louis, Mo. : 1878)</subfield><subfield code="w">(DLC)sn 83045500</subfield><subfield code="w">(OCoLC)9522872</subfield></datafield><datafield ind1="1" ind2="7" tag="785"><subfield code="t">St. Louis post and dispatch (Saint Louis, Mo. : 1878)</subfield><subfield code="w">(DLC)sn 83045664</subfield><subfield code="w">(OCoLC)9577970</subfield></datafield><datafield ind1="4" ind2="1" tag="856"><subfield code="u">http://proquest.umi.com</subfield><subfield code="z">Available within the ProQuest Historical Newspapers St. Louis Post-Dispatch (1874-1922)</subfield></datafield><datafield ind1="1" ind2=" " tag="029"><subfield code="a">AU@</subfield><subfield code="b">000020226341</subfield></datafield></record>